% Encoding: UTF-8

@Article{Molitor2017,
	author       = {Molitor, Stephen and Langberg Joshua},
	title        = {Using task performance to inform treatment planning for youth with ADHD: A systematic review},
	journaltitle = {Clinical Psychology Review},
	year         = {2017},
	volume       = {58},
	pages        = {157-173},
	doi          = {10.1016/j.cpr.2017.10.007},
	url          = {https://www.sciencedirect.com/science/article/abs/pii/S0272735817300831},
}

@Article{Rahman2023,
	author       = {Rahman, Mahbubur},
	title        = {AI for ADHD: Opportunities and Challenges},
	journaltitle = {Journal of Attention Disorders},
	year         = {2023},
	volume       = {27},
	number       = {8},
	doi          = {10.1177/10870547231167608},
	url          = {https://journals.sagepub.com/doi/10.1177/10870547231167608},
}

@Article{Berrezueta-Guzman2024,
	author       = {Berrezueta-Guzman, Santiago and Kandil, Mohanad and Martín-Ruiz, María-Luisa and Pau de la Cruz, Iván and Krusche, Stephan},
	title        = {Future of ADHD Care: Evaluating the Efficacy of ChatGPT in Therapy Enhancement.},
	journaltitle = {Healthcare },
	year         = {2024},
	volume       = {12},
	pages        = {682-683},
	doi          = {10.3390/healthcare12060683},
	url          = {https://doi.org/10.3390/healthcare12060683},
}

@Article{Sartor2020,
	author       = {Sartor, Giovanni},
	title        = {The Impact of the General Data Protection Regulation (GDPR) on artificial intelligence.},
	journaltitle = {European Parliament},
	year         = {2020},
	volume       = {1},
	pages        = {1-100},
	doi          = {10.2861/293},
	url          = {https://op.europa.eu/en/publication-detail/-/publication/dc544697-19b8-11ec-b4fe-01aa75ed71a1/language-en},
}

@Online{Cook2013,
	author    = {Cook, Tim},
	title     = {WWDC 2024},
	date      = {2024-06-10},
	url       = {https://www.youtube.com/watch?v=RXeOiIDNNek},
	urldate   = {2024-08-11},
}

@Comment{jabref-meta: databaseType:biblatex;}
